2%%% $Id$
%%% pcp3.bib



@Misc{BtYACC,
  author =	 {Maslov, Vadim},
  title =	 {{BtYACC} 1.1},
  howpublished = {Software Distribution},
  year =	 1997,
  month =	 {October},
  note =	 {See: http://\-www.siber.com/\-btyacc/}
}

@Manual{TXL,
  title = 	 {The {TXL} Programming Language Syntax and Informal Semantics, Version 7},
  author =	 {Cordy, James R. and Carmichael, Ian H.},
  organization = {Software Technology Laboratory, Queen's University at Kingston},
  address =	 {Kingston, Canada K7L 3N6},
  year =	 1993,
  month =	 {June}
}

@InProceedings{Cordy92,
  author = 	 {Cordy, James R. and Shukla, Medha},
  title = 	 {Practical Metaprogramming},
  booktitle = 	 {Proceedings of the 1992 Centre for Advanced Studies Conference},
  year =	 1992,
  month =	 {November}
}

@Misc{Davis97,
  author =	 {Davis, Mark},
  title =	 {java Cookbook: Porting C++ to Java},
  howpublished = {Taligent White Paper},
  year =	 1997,
  note =	 {http://\-www.taligent.com/\-Technology/\-WhitePapers/\-PortingPaper/}
}

@Misc{CTree,
  author =	 {Flisakowski, Shaun},
  title =	 {CTree Distribution, v0.5},
  howpublished = {Freely available software package},
  year =	 1997,
  month =	 {July},
  note =	 {ftp://\-ftp.kagi.com/\-flisakow/\-ctree\_04.tar.gz}
}

@Misc{GCC,
  author =	 {Free Software Foundation},
  title =	 {GCC Distribution, v2.7.2.2},
  howpublished = {Freely available software package},
  year =	 1997,
  month =	 {January},
  note =	 {ftp://prep.ai.mit.edu/pub/gcc-2.7.2.tar.gz}
}

@Misc{Bison,
  author =	 {Free Software Foundation},
  title =	 {Bison Distribution, v1.25},
  howpublished = {Freely available software package},
  year =	 1992,
  month =	 {April},
  note =	 {ftp://prep.ai.mit.edu/pub/bison-1.25.tar.gz}
}

@Misc{Flex,
  author =	 {Free Software Foundation},
  title =	 {Flex Distribution, v2.5},
  howpublished = {Freely available software package},
  year =	 1995,
  month =	 {March},
  note =	 {ftp://prep.ai.mit.edu/pub/flex-2.5.tar.gz}
}

