%%% $Id$
%%% pcp3.bib

@Misc{BtYACC,
  author =	 {Maslov, Vadim},
  title =	 {{BtYACC} 1.1},
  howpublished = {Software Distribution},
  year =	 1997,
  month =	 {October},
  note =	 {See: http://\B{}www.siber.com/\B{}btyacc}
}

@Manual{TXL,
  title = 	 {The {TXL} Programming Language Syntax and Informal Semantics, Version 7},
  author =	 {Cordy, James R. and Carmichael, Ian H.},
  organization = {Software Technology Laboratory, Queen's University at Kingston},
  address =	 {Kingston, Canada},
  year =	 1993,
  month =	 {June}
}

@InProceedings{Cordy92,
  author = 	 {Cordy, James R. and Shukla, Medha},
  title = 	 {Practical Metaprogramming},
  booktitle = 	 {Proceedings of the 1992 Centre for Advanced Studies Conference},
  year =	 1992,
  month =	 {November}
}

@Misc{Davis97,
  author =	 {Davis, Mark},
  title =	 {Java Cookbook: Porting {C++} to {Java}},
  howpublished = {Taligent White Paper},
  year =	 1997,
  note =	 {http://\B{}www.taligent.com/\B{}Technology/\B{}WhitePapers/\B{}PortingPaper}
}

@Misc{CTree,
  author =	 {Flisakowski, Shaun},
  title =	 {{CTree} Distribution, v0.5},
  howpublished = {Freely available software package},
  year =	 1997,
  month =	 {July},
  note =	 {ftp://\B{}ftp.kagi.com/\B{}flisakow/\B{}ctree\_05.tar.gz}
}

@Misc{GCC,
  author =	 {Free Software Foundation},
  title =	 {{GCC} Distribution, v2.7.2.2},
  howpublished = {Freely available software package},
  year =	 1997,
  month =	 {January},
  note =	 {ftp://\B{}prep.ai.mit.edu/\B{}pub/\B{}gcc-2.7.2.tar.gz}
}

@Misc{BisonAndFlex,
  author =	 {Free Software Foundation},
  title =	 {Bison v1.25 and Flex v2.5 Distributions},
  howpublished = {Freely available software package},
  year =	 {1992,1995},
  month =	 {April},
  note =	 {ftp://\B{}prep.ai.mit.edu/\B{}pub/}
}

@Misc{bc,
  author =	 {Free Software Foundation},
  title =	 {bc Distribution},
  howpublished = {Freely available software package},
  year =	 {1998},
  month =	 {June},
  note =	 {ftp://\B{}prep.ai.mit.edu/\B{}pub/bc-1.05a.tar.gz}
}


@Misc{Perl,
  author =	 {Wall, Larry},
  title =	 {Perl Language, v5.004},
  howpublished = {Freely available software package},
  year =	 1997,
  month =	 {June},
  note =	 {ftp://\B{}ftp.perl.com/\B{}pub/\B{}perl/\B{}src/\B{}CPAN/\B{}5.0/\B{}perl5.004.tar.gz}
}


@Misc{MSIPPersonal,
  author =	 {Simonyi, Charles},
  howpublished = {Personal conversation},
  year =	 1997,
  month =	 {9 July}
}


@TechReport{Simonyi96,
  author = 	 {Simonyi, Charles},
  title = 	 {The Intentional Programming Overview},
  institution =  {Microsoft Corporation},
  year = 	 1996,
  note =	 {http://\B{}www.research.\B{}microsoft.com/\B{}research/\B{}ip/\B{}main.htm}
}

@Unpublished{ToCppOrNot,
  author = 	 {Badros, Greg},
  title = 	 {To {Cpp} or Not to {Cpp}},
  note = 	 {University of Washington, {CSE-505} project}
}

@Misc{C2JPP,
  author =	 {Tilevich, Ilya},
  title =	 {{C2J++}},
  howpublished = {Freely available software package},
  year =	 1997,
  note =	 {http://pacevm.\B{}dac.\B{}pace.\B{}edu/\B{}~ny971734/\B{}c2j.\B{}html}
}

@Misc{C2J,
  author =	 {Laffra, Chris},
  title =	 {{C2J}},
  howpublished = {Freely available software package},
  year =	 1997,
  note =	 {http://members.aol.com/\B{}laffra/\B{}c2j.html}
}

