@string{fse95="Proceedings of SIGSOFT'95 Third ACM SIGSOFT Symposium
on the Foundations of Software Engineering"} 

@string{fse96="Proceedings of SIGSOFT'96 Fourth ACM SIGSOFT Symposium
on the Foundations of Software Engineering"} 

@string{icse18 = "Proceedings of the 18th International Conference on
Software Engineering"}

@string{icse97 = "Proceedings of the 1997 International Conference on
Software Engineering"}


@InProceedings( Murphy-icse18,
  author= 	"Murphy, G.C. and Notkin, D. and Lan, E.",
  title= 	"{An empirical study of static call graph extractors}",
  booktitle= 	icse18,
  pages= 	"90--99",
  month= 	mar,
  year= 	1996
)

@book( Stroustrup-DesignEvolution,
  author=       "Stroustrup, B.",
  title=        "{The design and evolution of C++}",
  publisher=    "Addison Wesley",
  year=         1994
)

@InProceedings( Siff-fse96,
  author= 	"Siff, M. and Reps, T..",
  title= 	"{Program Generalization for Software Reuse: From C TO C++}",
  booktitle= 	FSE96,
  pages= 	"135--146",
  month= 	oct,
  year= 	1996
)

@InProceedings( OCallahan-icse97,
  author= 	"O'Callahan, R. and Jackson, D.",
  title= 	"{Lackwit: A program understanding tool based on type 
                inference}",
  booktitle= 	icse97,
  month= 	may,
  year= 	1997,
  notes=        "To appear."
)